<?xml version="1.0" encoding="UTF-8"?><collection xmlns="http://www.loc.gov/MARC21/slim"><record><leader>00314nam--2200121-i-4500</leader><controlfield tag="001">000048040</controlfield><controlfield tag="002">20161230</controlfield><controlfield tag="005">20161230201046</controlfield><controlfield tag="008">060222s1000------------r-----000-0-eng-d</controlfield><datafield ind1=" " ind2=" " tag="100"><subfield code="a">Zimmer, Ernst</subfield></datafield><datafield ind1=" " ind2=" " tag="245"><subfield code="a">Umsturz im weltbild der phsik. geleitwort max planck</subfield></datafield><datafield ind1=" " ind2=" " tag="260"><subfield code="a">Munchen, Hanser, 1954, 300p</subfield></datafield><datafield ind1=" " ind2=" " tag="852"><subfield code="a">12019</subfield></datafield></record></collection>